<record><leader>00000cas a22000007a 4500</leader><controlfield tag="001">30770549</controlfield><controlfield tag="008">940715d18801884vauwr ne      0    0eng d</controlfield><datafield ind1=" " ind2=" " tag="010"><subfield code="a">sn 94059334 </subfield></datafield><datafield ind1=" " ind2=" " tag="040"><subfield code="a">NVK</subfield><subfield code="b">eng</subfield><subfield code="c">NVK</subfield><subfield code="d">OCL</subfield><subfield code="d">OCLCQ</subfield><subfield code="d">OCLCO</subfield></datafield><datafield ind1="1" ind2=" " tag="029"><subfield code="a">AU@</subfield><subfield code="b">000012080214</subfield></datafield><datafield ind1=" " ind2=" " tag="042"><subfield code="a">msc</subfield></datafield><datafield ind1=" " ind2=" " tag="043"><subfield code="a">n-us-va</subfield></datafield><datafield ind1="0" ind2=" " tag="130"><subfield code="a">Bedford weekly star (Liberty, Va. : 1880)</subfield></datafield><datafield ind1="1" ind2="0" tag="245"><subfield code="a">Bedford weekly star.</subfield></datafield><datafield ind1="3" ind2="0" tag="246"><subfield code="a">Bedford star</subfield></datafield><datafield ind1=" " ind2=" " tag="260"><subfield code="a">Liberty, Va. :</subfield><subfield code="b">Frasier Otey Hoffman.</subfield></datafield><datafield ind1=" " ind2=" " tag="300"><subfield code="a">v. ;</subfield><subfield code="c">59 cm.</subfield></datafield><datafield ind1=" " ind2=" " tag="310"><subfield code="a">Weekly (Fri.)</subfield></datafield><datafield ind1="1" ind2=" " tag="362"><subfield code="a">Began in 1880; ceased in 1884.</subfield></datafield><datafield ind1=" " ind2=" " tag="500"><subfield code="a">Published as the: Bedford Star &lt;Dec. 12, 1884&gt;-</subfield></datafield><datafield ind1=" " ind2=" " tag="500"><subfield code="a">Editors: 1881-1883 Frasier Otey Hoffman &amp; Blanche Douglas Hoffman.</subfield></datafield><datafield ind1=" " ind2=" " tag="500"><subfield code="a">Liberty changed to Bedford City in 1890; changed to Bedford in 1912.</subfield></datafield><datafield ind1=" " ind2=" " tag="588"><subfield code="a">Description based on: Vol. 7, no. 21 (Oct. 22, 1880).</subfield></datafield><datafield ind1=" " ind2=" " tag="588"><subfield code="a">Latest issue consulted: Vol. 10, no. 6 (Nov. 23, 1883).</subfield></datafield><datafield ind1=" " ind2="0" tag="651"><subfield code="a">Bedford County (Va.)</subfield><subfield code="v">Newspapers.</subfield></datafield><datafield ind1=" " ind2="0" tag="651"><subfield code="a">Liberty (Va.)</subfield><subfield code="v">Newspapers.</subfield></datafield><datafield ind1=" " ind2=" " tag="752"><subfield code="a">United States</subfield><subfield code="b">Virginia</subfield><subfield code="d">Bedford.</subfield></datafield><datafield ind1=" " ind2=" " tag="752"><subfield code="a">United States</subfield><subfield code="b">Virginia</subfield><subfield code="c">Bedford</subfield><subfield code="d">Liberty.</subfield></datafield><datafield ind1="0" ind2="0" tag="780"><subfield code="t">Bedford star (Liberty, Va. : 1874 : Weekly)</subfield><subfield code="w">(DLC)sn 85025466</subfield></datafield><datafield ind1="0" ind2="7" tag="785"><subfield code="t">Bedford sentinel (Liberty, Va. : 1884)</subfield><subfield code="w">(DLC)sn 94059328</subfield></datafield><datafield ind1="0" ind2="7" tag="785"><subfield code="t">Bedford star and sentinel</subfield><subfield code="w">(DLC)sn 94059335</subfield></datafield></record>